<record><leader>00000cas a22000007a 4500</leader><controlfield tag="001">11353820</controlfield><controlfield tag="008">841106d18731874ksuwr ne      0    0eng d</controlfield><datafield ind1=" " ind2=" " tag="010"><subfield code="a">sn 84027627 </subfield><subfield code="z">sn 85029074 </subfield></datafield><datafield ind1=" " ind2=" " tag="040"><subfield code="a">NPU</subfield><subfield code="b">eng</subfield><subfield code="c">NPU</subfield><subfield code="d">NPT</subfield><subfield code="d">OCL</subfield><subfield code="d">OCLCQ</subfield></datafield><datafield ind1=" " ind2=" " tag="019"><subfield code="a">11805068</subfield></datafield><datafield ind1=" " ind2=" " tag="042"><subfield code="a">msc</subfield></datafield><datafield ind1="0" ind2="0" tag="245"><subfield code="a">Grasshopper.</subfield></datafield><datafield ind1="3" ind2="0" tag="246"><subfield code="a">Grass hopper</subfield></datafield><datafield ind1=" " ind2=" " tag="260"><subfield code="a">Grasshopper Falls, Kan. :</subfield><subfield code="b">G.A. Huron,</subfield><subfield code="c">-1874.</subfield></datafield><datafield ind1=" " ind2=" " tag="300"><subfield code="a">v. ;</subfield><subfield code="c">62 cm.</subfield></datafield><datafield ind1=" " ind2=" " tag="310"><subfield code="a">Weekly</subfield></datafield><datafield ind1="0" ind2=" " tag="362"><subfield code="a">-v. 2, no. 34 (Sept. 10, 1874).</subfield></datafield><datafield ind1="1" ind2=" " tag="362"><subfield code="a">Began in 1873.</subfield><subfield code="z">Cf. Rowell, 1873.</subfield></datafield><datafield ind1=" " ind2=" " tag="500"><subfield code="a">Title varies slightly.</subfield></datafield><datafield ind1=" " ind2=" " tag="500"><subfield code="a">Extra edition issued Nov. 21, 1873.</subfield></datafield><datafield ind1=" " ind2=" " tag="500"><subfield code="a">Published every Thursday.</subfield></datafield><datafield ind1=" " ind2=" " tag="500"><subfield code="a">"A weekly journal published in Grasshopper Falls and devoted to the interest of the city and county generally."</subfield></datafield><datafield ind1=" " ind2=" " tag="588"><subfield code="a">Description based on: Vol. 1, no. 14 (Apr. 24, 1873).</subfield></datafield><datafield ind1=" " ind2=" " tag="752"><subfield code="a">United States</subfield><subfield code="b">Kansas</subfield><subfield code="c">Jefferson</subfield><subfield code="d">Grasshopper Falls.</subfield></datafield><datafield ind1="0" ind2="7" tag="785"><subfield code="t">Kansas new era (Grasshopper Falls, Kan.)</subfield><subfield code="w">(DLC)sn 84027599</subfield></datafield><datafield ind1="0" ind2="7" tag="785"><subfield code="t">Grass hopper and new era</subfield><subfield code="w">(DLC)sn 84029075</subfield></datafield><datafield ind1="1" ind2=" " tag="029"><subfield code="a">AU@</subfield><subfield code="b">000025789890</subfield></datafield></record>